%YAML 1.1
%TAG !u! tag:unity3d.com,2011:
--- !u!1 &5555106680088630484
GameObject:
  m_ObjectHideFlags: 0
  m_CorrespondingSourceObject: {fileID: 0}
  m_PrefabInstance: {fileID: 0}
  m_PrefabAsset: {fileID: 0}
  serializedVersion: 6
  m_Component:
  - component: {fileID: 5555106680088630482}
  - component: {fileID: 5555106680088630483}
  - component: {fileID: 5555106680088630485}
  - component: {fileID: 313638869536025672}
  m_Layer: 0
  m_Name: Plant
  m_TagString: Untagged
  m_Icon: {fileID: 0}
  m_NavMeshLayer: 0
  m_StaticEditorFlags: 0
  m_IsActive: 1
--- !u!4 &5555106680088630482
Transform:
  m_ObjectHideFlags: 0
  m_CorrespondingSourceObject: {fileID: 0}
  m_PrefabInstance: {fileID: 0}
  m_PrefabAsset: {fileID: 0}
  m_GameObject: {fileID: 5555106680088630484}
  m_LocalRotation: {x: 0, y: 0, z: 0, w: 1}
  m_LocalPosition: {x: 0, y: 10, z: 0}
  m_LocalScale: {x: 1, y: 1, z: 1}
  m_Children:
  - {fileID: 607142457786106647}
  m_Father: {fileID: 0}
  m_RootOrder: 0
  m_LocalEulerAnglesHint: {x: 0, y: 0, z: 0}
--- !u!136 &5555106680088630483
CapsuleCollider:
  m_ObjectHideFlags: 0
  m_CorrespondingSourceObject: {fileID: 0}
  m_PrefabInstance: {fileID: 0}
  m_PrefabAsset: {fileID: 0}
  m_GameObject: {fileID: 5555106680088630484}
  m_Material: {fileID: 0}
  m_IsTrigger: 0
  m_Enabled: 1
  m_Radius: 0.15
  m_Height: 1.1
  m_Direction: 1
  m_Center: {x: 0, y: 0.5, z: 0}
--- !u!54 &5555106680088630485
Rigidbody:
  m_ObjectHideFlags: 0
  m_CorrespondingSourceObject: {fileID: 0}
  m_PrefabInstance: {fileID: 0}
  m_PrefabAsset: {fileID: 0}
  m_GameObject: {fileID: 5555106680088630484}
  serializedVersion: 2
  m_Mass: 1
  m_Drag: 0
  m_AngularDrag: 0.05
  m_UseGravity: 1
  m_IsKinematic: 0
  m_Interpolate: 0
  m_Constraints: 0
  m_CollisionDetection: 0
--- !u!114 &313638869536025672
MonoBehaviour:
  m_ObjectHideFlags: 0
  m_CorrespondingSourceObject: {fileID: 0}
  m_PrefabInstance: {fileID: 0}
  m_PrefabAsset: {fileID: 0}
  m_GameObject: {fileID: 5555106680088630484}
  m_Enabled: 1
  m_EditorHideFlags: 0
  m_Script: {fileID: 11500000, guid: f0ece2035ab2fd84a935106b6ec51f57, type: 3}
  m_Name: 
  m_EditorClassIdentifier: 
--- !u!1001 &5555106679449692173
PrefabInstance:
  m_ObjectHideFlags: 0
  serializedVersion: 2
  m_Modification:
    m_TransformParent: {fileID: 5555106680088630482}
    m_Modifications:
    - target: {fileID: -4216859302048453862, guid: a6a6df43434d2194bb281b0b5f7a3c9e,
        type: 3}
      propertyPath: m_LocalPosition.x
      value: 0
      objectReference: {fileID: 0}
    - target: {fileID: -4216859302048453862, guid: a6a6df43434d2194bb281b0b5f7a3c9e,
        type: 3}
      propertyPath: m_LocalPosition.y
      value: -0.13
      objectReference: {fileID: 0}
    - target: {fileID: -4216859302048453862, guid: a6a6df43434d2194bb281b0b5f7a3c9e,
        type: 3}
      propertyPath: m_LocalPosition.z
      value: 0
      objectReference: {fileID: 0}
    - target: {fileID: -4216859302048453862, guid: a6a6df43434d2194bb281b0b5f7a3c9e,
        type: 3}
      propertyPath: m_LocalRotation.x
      value: -0
      objectReference: {fileID: 0}
    - target: {fileID: -4216859302048453862, guid: a6a6df43434d2194bb281b0b5f7a3c9e,
        type: 3}
      propertyPath: m_LocalRotation.y
      value: 1
      objectReference: {fileID: 0}
    - target: {fileID: -4216859302048453862, guid: a6a6df43434d2194bb281b0b5f7a3c9e,
        type: 3}
      propertyPath: m_LocalRotation.z
      value: -0
      objectReference: {fileID: 0}
    - target: {fileID: -4216859302048453862, guid: a6a6df43434d2194bb281b0b5f7a3c9e,
        type: 3}
      propertyPath: m_LocalRotation.w
      value: 0
      objectReference: {fileID: 0}
    - target: {fileID: -4216859302048453862, guid: a6a6df43434d2194bb281b0b5f7a3c9e,
        type: 3}
      propertyPath: m_RootOrder
      value: 0
      objectReference: {fileID: 0}
    - target: {fileID: -4216859302048453862, guid: a6a6df43434d2194bb281b0b5f7a3c9e,
        type: 3}
      propertyPath: m_LocalEulerAnglesHint.x
      value: 0
      objectReference: {fileID: 0}
    - target: {fileID: -4216859302048453862, guid: a6a6df43434d2194bb281b0b5f7a3c9e,
        type: 3}
      propertyPath: m_LocalEulerAnglesHint.y
      value: 180
      objectReference: {fileID: 0}
    - target: {fileID: -4216859302048453862, guid: a6a6df43434d2194bb281b0b5f7a3c9e,
        type: 3}
      propertyPath: m_LocalEulerAnglesHint.z
      value: 0
      objectReference: {fileID: 0}
    - target: {fileID: -4216859302048453862, guid: a6a6df43434d2194bb281b0b5f7a3c9e,
        type: 3}
      propertyPath: m_LocalScale.x
      value: 20
      objectReference: {fileID: 0}
    - target: {fileID: -4216859302048453862, guid: a6a6df43434d2194bb281b0b5f7a3c9e,
        type: 3}
      propertyPath: m_LocalScale.y
      value: 20
      objectReference: {fileID: 0}
    - target: {fileID: -4216859302048453862, guid: a6a6df43434d2194bb281b0b5f7a3c9e,
        type: 3}
      propertyPath: m_LocalScale.z
      value: 20
      objectReference: {fileID: 0}
    - target: {fileID: -927199367670048503, guid: a6a6df43434d2194bb281b0b5f7a3c9e,
        type: 3}
      propertyPath: m_Name
      value: Plant Model
      objectReference: {fileID: 0}
    m_RemovedComponents: []
  m_SourcePrefab: {fileID: 100100000, guid: a6a6df43434d2194bb281b0b5f7a3c9e, type: 3}
--- !u!4 &607142457786106647 stripped
Transform:
  m_CorrespondingSourceObject: {fileID: -4216859302048453862, guid: a6a6df43434d2194bb281b0b5f7a3c9e,
    type: 3}
  m_PrefabInstance: {fileID: 5555106679449692173}
  m_PrefabAsset: {fileID: 0}
